
@INPROCEEDINGS{ContikiOS,
  AUTHOR =      {A. Dunkels and B. Gr\"onvall and T. Voigt},
  TITLE =      {{Contiki -- a Lightweight and Flexible Operating System
                 for Tiny Networked Sensors}},
  BOOKTITLE =   {IEEE 29th Conference on Local Computer Networks},
  SERIES =      {LCN '04},
  PAGES =       {455--462},
  YEAR =        {2004},
  PUBLISHER =   {IEEE Computer Society},
  NOTE =        {\texttt{http://www.contiki-os.org/}}
}

@INPROCEEDINGS{Cooja,
  AUTHOR =      {F. \"Osterlind and A. Dunkels and J. Eriksson and N. Finne
                 and T. Voigt},
  TITLE =      {{Cross-Level Sensor Network Simulation with Cooja}},
  BOOKTITLE =   {IEEE 31st Conference on Local Computer Networks},
  SERIES =      {LCN '06},
  PAGES =       {641--648},
  YEAR =        {2006},
  PUBLISHER =   {IEEE Computer Society}
}

@INPROCEEDINGS{MSPSim,
  AUTHOR =      {J. Eriksson and F. \"Osterlind and N. Finne and N. Tsiftes
                 and A. Dunkels and T. Voigt and R. Sauter and J.P. Marr\'on},
  TITLE =      {{COOJA/MSPSim: Interoperability Testing for Wireless
                 Sensor Networks}},
  BOOKTITLE =   {Proceedings of the 2nd International Conference on
                 Simulation Tools and Techniques},
  SERIES =      {Simutools '09},
  PAGES =       {27:1--27:7},
  YEAR =        {2009},
  PUBLISHER =   {ICST}
}

@INPROCEEDINGS{Avrora,
  AUTHOR =      {B. L. Titzer and D.K. Lee and J. Palsberg},
  TITLE =      {{Avrora: Scalable Sensor Network Simulation with
                 Precise Timing}},
  BOOKTITLE =   {Proceedings of the 4th International Symposium on
                 Information Processing in Sensor Networks},
  SERIES =      {IPSN '05},
  YEAR =        {2005},
  ISBN =        {0-7803-9202-7},
  NOTE =        {Article no. 67},
  PUBLISHER =   {IEEE Press}
}

@INPROCEEDINGS{RIOT,
  AUTHOR =      {O. Hahm and E. Baccelli and M. G\"unes and M. W\"ahlisch
                 and T. C. Schmidt},
  TITLE =      {{RIOT OS: Towards an OS for the Internet of Things}},
  BOOKTITLE =   {INFOCOM 2013, Poster Session},
  YEAR =        {2013},
  MONTH =       {April},
  NOTE =        {\texttt{http://www.riot-os.org/}}
}

@ARTICLE{OpenWSN,
  AUTHOR =       {T. Watteyne and X. Vilajosana and B. Kerkez and F. Chraim
                  and K. Weekly and Q. Wang and S. Glaser and K. Pister},
  TITLE =       {{OpenWSN: a standards-based low-power wireless
                  development environment}},
  JOURNAL =      {Transactions on Emerging Telecommunications Technologies},
  VOLUME =       {23},
  NUMBER =       {5},
  YEAR =         {2012},
  PAGES =        {480--493},
  ISSN =         {2161-3915},
  DOI =          {10.1002/ett.2558},
  PUBLISHER =    {John Wiley & Sons, Ltd}
}

%% Articles "victimes" du probl√®me de Cooja/MSPSim

@INPROCEEDINGS{Co-RPL-2014,
  AUTHOR =      {O. Gaddour and A. Koubaa and R. Rangarajan
                 and O. Cheikhrouhou and E. Tovar and M. Abid},
  BOOKTITLE =   {SIES 2014}, 
  TITLE =      {{Co-RPL: RPL Routing for Mobile Low Power Wireless
                 Sensor Networks Using Corona Mechanism}}, 
  YEAR =        {2014},
  MONTH =       {June},
  PAGES =       {200--209},
}

@INPROCEEDINGS{Constrain-Routing-Trees-2014,
  AUTHOR =      {B.F. Marques and M.P. Ricardo},
  BOOKTITLE =   {MED-HOC-NET 2014}, 
  TITLE =      {{Improving the Energy Efficiency of WSN by Using
                 Application-Layer Topologies to Constrain RPL-Defined
                 Routing Trees}}, 
  YEAR =        {2014},
  MONTH =       {June},
  PAGES =       {126--133},
}

@INPROCEEDINGS{DINAS-2014,
  AUTHOR =      {M. Amoretti and O. Alphand and G. Ferrari
                 and F. Rousseau and A. Duda},
  BOOKTITLE =   {WCNC 2014}, 
  TITLE =      {{DINAS: A Distributed Naming Service for All-IP Wireless
                 Sensor Networks}}, 
  YEAR =        {2014},
  MONTH =       {April},
  PAGES =       {2781--2786},
}

@ARTICLE{Efficient-Distrib-Svc-Discovery-2014,
  AUTHOR =      {B. Djamaa and M. Richardson and N. Aouf and B. Walters},
  TITLE =      {{Towards Efficient Distributed Service Discovery
                 in Low-Power and Lossy Networks}},
  JOURNAL =     {Wireless Networks},
  VOLUME =      {20},
  NUMBER =      {8},
  PAGES =       {2437--2453},
  YEAR =        {2014},
  ISSN =        {1022-0038},
}

@ARTICLE{IETF-Routing-WSN-2014,
  AUTHOR =      {Ancillotti, E. and Bruno, R. and Conti, M.},
  TITLE =      {{Reliable Data Delivery With the IETF Routing Protocol
                 for Low-Power and Lossy Networks}},
  JOURNAL =     {Industrial Informatics, IEEE Transactions on},
  VOLUME =      {10},
  NUMBER =      {3},
  PAGES =       {1864--1877},
  YEAR =        {2014},
  MONTH =       {Aug},
  ISSN =        {1551-3203},
}

@ARTICLE{Key-Mgmt-2015,
  AUTHOR =      {S.-H. Seo and J. Won and S. Sultana and E. Bertino},
  TITLE =      {{Effective Key Management in Dynamic Wireless Sensor Networks}}, 
  JOURNAL =     {Information Forensics and Security, IEEE Transactions on}, 
  VOLUME =      {10},
  NUMBER =      {2},
  PAGES =       {371--383},
  YEAR =        {2015},
  MONTH =       {Feb},
  ISSN =        {1556-6013},
}

@INPROCEEDINGS{Lightweight-Multicast-Forwarding-2014,
  AUTHOR =      {M. Antonini and S. Cirani and G. Ferrari
                 and P. Medagliani and M. Picone and L. Veltri},
  BOOKTITLE =   {SoftCOM 2014}, 
  TITLE =      {{Lightweight Multicast Forwarding for Service Discovery
                 in Low-Power IoT Networks}}, 
  YEAR =        {2014},
  MONTH =       {Sept},
  PAGES =       {133--138},
}

@ARTICLE{Probing-Mech-wu-2015,
  AUTHOR =      {X. Wu and K.N. Brown and C.J. Sreenan}, 
  TITLE =      {{Contact Probing Mechanisms for Opportunistic Sensor Data
                 Collection}},
  JOURNAL =     {The Computer Journal},
  YEAR =        {2015}, 
}

@INPROCEEDINGS{TinySDN-2014,
  AUTHOR =      {B. Trevizan de Oliveira and C. Borges Margi
                 and L. Batista Gabriel},
  BOOKTITLE =   {LATINCOM 2014}, 
  TITLE =      {{TinySDN: Enabling Multiple Controllers for Software-Defined
                 Wireless Sensor Networks}}, 
  YEAR =        {2014},
  MONTH =       {Nov},
  PAGES =       {1--6},
}

@INPROCEEDINGS{Trickle-L2-2014,
  AUTHOR =      {E. Ancillotti and R. Bruno and M. Conti
                 and E. Mingozzi and C. Vallati},
  BOOKTITLE =   {WoWMoM 2014}, 
  TITLE =      {{Trickle-L\textsuperscript{2}: Lightweight Link Quality
                 Estimation through Trickle in RPL Networks}}, 
  YEAR =        {2014},
  MONTH =       {June},
  PAGES =       {1--9},
}

@ARTICLE{Visual-Sensor-Networks-2014,
  AUTHOR =      {E. Felemban and A.A. Sheikh and M.A. Manzoor},
  TITLE =      {{Improving Response Time in Time Critical
                 Visual Sensor Network Applications}},
  JOURNAL =     {Ad Hoc Networks},
  VOLUME =      {23},
  PAGES =       {65--79},
  YEAR =        {2014},
  ISSN =        {1570-8705},
}


